<record><leader>00000cas a22000007a 4500</leader><controlfield tag="001">27787538</controlfield><controlfield tag="008">930324d19061910okuwr n       0    0eng d</controlfield><datafield ind1=" " ind2=" " tag="010"><subfield code="a">sn 93065994 </subfield></datafield><datafield ind1=" " ind2=" " tag="040"><subfield code="a">OBN</subfield><subfield code="b">eng</subfield><subfield code="c">OBN</subfield><subfield code="d">OCLCQ</subfield></datafield><datafield ind1=" " ind2=" " tag="042"><subfield code="a">msc</subfield></datafield><datafield ind1="0" ind2="4" tag="245"><subfield code="a">The Foraker tribune.</subfield></datafield><datafield ind1=" " ind2=" " tag="260"><subfield code="a">Foraker, Okla. :</subfield><subfield code="b">W.R. Dutton</subfield></datafield><datafield ind1=" " ind2=" " tag="300"><subfield code="a">v.</subfield></datafield><datafield ind1=" " ind2=" " tag="310"><subfield code="a">Weekly</subfield></datafield><datafield ind1="0" ind2=" " tag="362"><subfield code="a">Vol. 1, no. 1 (Apr. 20, 1906)-v. 5, no. 37 (Dec. 30, 1910).</subfield></datafield><datafield ind1=" " ind2="4" tag="651"><subfield code="a">Foraker (Okla.)</subfield><subfield code="v">Newspapers.</subfield></datafield><datafield ind1=" " ind2="4" tag="651"><subfield code="a">Osage County (Okla.)</subfield><subfield code="v">Newspapers.</subfield></datafield><datafield ind1=" " ind2=" " tag="752"><subfield code="a">United States</subfield><subfield code="b">Oklahoma</subfield><subfield code="c">Osage</subfield><subfield code="d">Foraker.</subfield></datafield><datafield ind1="0" ind2="7" tag="785"><subfield code="t">News (Foraker, Okla.)</subfield></datafield><datafield ind1="0" ind2="7" tag="785"><subfield code="t">Foraker sun</subfield><subfield code="w">(DLC)sn 93065995</subfield></datafield></record>